@misc{climbing_school_2022,
	key = {climbing_school},
	title = {Climbing school},
	url = {http://www.climbingschool.cz/?bcoid=294},
	urldate = {2022-06-01},
	note = {[Online], [cit.~2022-06-01]},
}

@misc{Petzl_2022,
	key = {Petzl},
	title = {Petzl How to calculate mechanical advantage},
	url = {https://www.petzl.com/US/en/Professional/How-to-calculate-mechanical-advantage?ActivityName=Technical-rescue},
	urldate = {2022-06-01},
	note = {[Online], [cit.~2022-06-01]},
}

@misc{CHS_2022,
	key = {CHS},
	title = {Vybrané lanové techniky pro záchranu a sebezáchranu v horolezectví},
	url = {http://hk-rac.cz/wp-content/uploads/2017/01/SkalniZachrana.pdf},
	urldate = {2022-06-01},
	note = {[Online], [cit.~2022-06-01]},
}

@misc{stock_alpine_2022,
	key = {stock_alpine},
	title = {Crevasse Rescue},
	url = {https://www.stockalpine.com/posts/crevasse-rescue-haul-system},
	urldate = {2022-06-01},
	note = {[Online], [cit.~2022-06-01]},
}

@misc{rope_rescue_web_calculating_MA_T_system,
	key = {rope_rescue_web},
	title = {Rope rescue training},
	url = {https://roperescuetraining.com/physics_calcma_tsystem.php},
	urldate = {2022-06-01},
	note = {[Online], [cit.~2022-06-01]},
}

